@Manual{ffbase:ff:2012,
  title = {ff: memory-efficient storage of large data on disk and fast access functions},
  author = {Daniel Adler and Christian Gl\"aser and Oleg Nenadic and Jens Oehlschl\"agel and Walter Zucchini},
  year = {2012},
  note = {R package version 2.2-7},
  url = {http://CRAN.R-project.org/package=ff},
}
